111111111111111111111111111111111111111111111111111111111111111111111111
11                                11                                  11
11                                11                                  11
11                                11                                  11
11                                11                                  11
11                                11                                  11
11                                11                                  11
1111   11111   1   1   111111   1111                                  11
11           1 1 1 1 1            11                                  11
11                                11                                  11
11                                11                                  11
11                                11                                  11
1111   1111   33   44   11111   1111                                  11
11                                11                                  11
11                                11                                  11
11              111               11                                  11
11                                11                                  11
1111   111  22       22  1111   1111                                  11
11            22   22             11                                  11
11             22222              11                                  11
11                                11                                  11
11                                11                                  11
1111   1111111111111111111111   1111                                  11
11                                11                                  11
11                                11                                  11
11                                11                                  11
11                                11                                  11
11                                                                    11
11                                11                                  11
11                                11                                  11
11                                                                    11
11                                           1111                     11
11                                                                    11
11                                11                                  11
1111   11111   1   1   111111   1111                                  11
11           1 1 1 1 1            11                                  11
11                                11                                  11
                                  11                                  11
                                  11                                  11
1111   1111   33   44   11111   1111                                  11
11                                11                                  11
11                                11    11111111                      11
11              111               11                                  11
11                                11         4444444444444444444444   11
1111   111  22       22  1111   1111                                  11
11            22   22             11                                  11
11             22222              11                     444444444    11
11                                11            2222                  11
11                                11    3333                          11
1111   1111111111111111111111   1111                222               11
11                                11                   1111           11
11                                      1111111111111111111111        11
11                                      11                              
11                                    11                                
111111111111111111111111111111111111111111111111111111111111111111111111
333333333333333333333333333333333333333333333333333333333333333333333333
